@book{ArAv,
author={Arnol'd, V.I. and  Avez, A.},
title={Problèmes ergodiques de la mécanique classique},
publisher={Gauthier-Villars},
year={1967}
}

@book{KH,
author = {A. Katok and B. Hasselblatt},
title = {Introduction to the modern theory of dynamical systems},
publisher = {Cambridge University Press},
year = 1995}

@book{FLP,
title={Travaux de Thurston sur les surfaces. Séminaire Orsay. 2nd ed.},
author={A. Fathi and F. Laudenbach and V. Poenaru},
publisher={Centre National de la Recherche Scientifique}, 
series={Astérisque},
volume={66-67},
year={1991}}

@book{Birman,
author={J. Birman},
title={Braids, links, and mapping class groups},
publisher="{Princeton University Press and University of Tokyo Press.}",
series="{Annals of Mathematics Studies.}",
year={1975}
}

@article{Thurston,
author={W. Thurston},
title={On the geometry and dynamics of diffeomorphisms of surfaces},
journal={Bull. Am. Math. Soc., New Ser.},
volume={19},
number={2},
pages={417-431},
year={1988}}

@article{Kolev,
author={B. Kolev},
title="{Entropie topologique et représentation de Burau}",
journal={C. R. Acad. Sci., Paris, Sér. I},
volume={309},
number={13},
year={1989}}

@article{Katok,
author={A. Katok},
title={Lyapunov exponents, entropy and periodic orbits for diffeomorphisms},
journal={Publ. Math., Inst. Hautes Étud. Sci.}, 
year={1980}}

@article{Boyland_Aref_Stremler,
author={P. Boyland and  H. Aref and M. Stremler},
title={Topological fluid mechanics of stirring},
journal={J. Fluid Mech.},
volume={403},
pages={277-304},
year={2000}}

@article{Boyland,
author={P. Boyland},
title={Topological methods in surface dynamics},
journal={Topology Appl.},
volume={58},
number={3},
pages={223-298},
year={1994}}

@article{YB,
author={I.A. Dynnikov},
title="{On a Yang-Baxter mapping and the Dehornoy ordering.}",
journal={Russ. Math. Surv.},
volume={57},
number={3},
pages={592-594},
year={2002}}

@article{BH,
author={M. Bestvina and M. Handel},
title={Train-tracks for surface homeomorphisms},
journal={Topology},
volume={34},
number={1},
pages={109-140},
year={1995}}

@unpublished{CB,
author={I.A. Dynnikov and B. Wiest},
title={On the complexity of braids},
note={Paper available on line at {\tt http://hal.ccsd.cnrs.fr/}},
year={2004}}


@unpublished{NTL,
author={V. Shoup},
title={NTL: A library for doing number theory},
note={The library is available at {\tt http://www.shoup.net}},
year=2001}