@book{BrockwellDavis,
author={Brockwell, Peter J. and  Davis, Richard A.},
title={Time series: theory and methods. 2nd ed.},
publisher={Springer-Verlag},
year={1991}}

@book{Lutkepohl,
author={Lütkepohl, Helmut},
title={New introduction to multiple time series analysis},
publisher={Springer-Verlag},
year={2006}}

@article{Johansen88,
author={Johansen, S{\o}ren},
title={Statistical analysis of cointegration vectors.},
journal={J. Econ. Dyn. Control},
volume={12},
number={2-3},
pages={231-254},
year={1988}}

@article{Johansen91,
author={Johansen, S{\o}ren},
title={Estimation and hypothesis testing of cointegration vectors in Gaussian
    vector autoregressive models.},
journal={Econometrica},
volume={59},
number={6},
pages={1551-1580},
year={1991}}


